@misc{abdeljalil732020anyone,
    author = "abdeljalil73",
    title = "Anyone uses vim for python and data science?",
    note = {\url{https://www.reddit.com/r/vim/comments/gjb97y/anyone_uses_vim_for_python_and_data_science/}},
}

@misc{alextsil2020steps,
    author = "alextsil",
    title = "steps\_gui\_wsl2\_xserver.txt",
    note = {\url{https://gist.github.com/alextsil/f8d861b8a2fc766c06aefc0c35c083ee}},
}

@misc{articaproject2019vcxsrv,
    author = "ArticaProject",
    title = "vcxsrc",
    note = {\url{https://github.com/ArcticaProject/vcxsrv}},
}

@misc{autohotkeys2005remap,
    author = "AutoHotkeys",
    title = "Remapping Keys",
    note = {\url{https://www.autohotkey.com/docs/misc/Remap.htm}},
}

@misc{autohotkeys2005send,
    author = "AutoHotkeys",
    title = "Send, SendRaw, SendInput, SendPlay, SendEvent",
    note = {\url{https://www.autohotkey.com/docs/commands/Send.htm}},
}

@misc{bashkarla2016how,
    author = "Bashkarla",
    title = "How to Run AutoHotKey Script at System Startup in Windows 10",
    note = {\url{https://windowsloop.com/run-autohotkey-script-at-windows-startup/}},
}

@misc{ben2011ctags,
    author = "Nicola Ben",
    title = "Vim: Difficulty setting up ctags. Source in subdirectories don't
    see tags file in project root",
    note = {\url{https://stackoverflow.com/questions/5017500/vim-difficulty-setting-up-ctags-source-in-subdirectories-dont-see-tags-file-i}},
}

@misc{benmills2009vimux,
    author = "benmills",
    title = "vimux",
    note = {\url{https://github.com/benmills/vimux}},
}

@misc{brainlessdeveloper2017screenshot,
    author = "brainlessdeveloper",
    title = "Screenshot Commands from my i3 Config",
    note = {\url{https://www.reddit.com/r/i3wm/comments/65vis5/screenshot_commands_from_my_i3_config/}},
}

@misc{bradagy2018remember,
    author = "bradagy",
    title = "Remember to update your plugins!",
    note = {\url{https://www.reddit.com/r/vim/comments/6wy3kb/remember_to_update_your_plugins/}},
}

@misc{cantor2016how,
    author = "Max Cantor",
    title = "How to Do 90\% of What Plugins Do (With Just Vim)",
    note = {\url{https://www.youtube.com/watch?v=E-ZbrtoSuzw}},
}

@misc{castel2019how,
    author = "Gilles Castel",
    title = "How I'm able to take notes in mathematics lectures using LaTeX and Vim",
    note = {\url{https://castel.dev/post/lecture-notes-1/#vim-and-latex}},
}

@misc{chang2018vim,
    author = "Leeren Chang",
    title = "Vim: Tutorial on Editing, Navigation, and File Management (2018)",
    note = {\url{https://www.youtube.com/watch?v=E-ZbrtoSuzw}},
}

@misc{chang2020vim,
    author = "Leeren Chang",
    title = "Vim: Tutorial on Customization and Configuration (2020)",
    note = {\url{https://www.youtube.com/watch?v=JFr28K65-5E&list=FLVuBBjy7NC7Q0xVUm8SEjrw&index=3&t=3083s}},
}

@misc{codecast2015i3wm,
    author = "Code Cast",
    title = "i3wm: Configuration (2/3)",
    note = {\url{https://www.youtube.com/watch?v=8-S0cWnLBKg}},
}

@misc{desmap2020ycmvscoc,
    author = "desmap",
    title = "YCM vs. coc.vim for TypeScript",
    note = {\url{https://www.reddit.com/r/vim/comments/ikea7q/ycm_vs_cocvim_for_typescript/}},
}

@misc{dhleong2019abbreviate,
    author = "dhleong",
    title = "Option to abbreviate completion info",
    note = {\url{https://github.com/ycm-core/YouCompleteMe/issues/3547}},
}

@misc{drylabrebel2019how,
    author = "DrylabRebel",
    title = "How do I prevent Conda from activating the base environment by
    default?",
    note = {\url{https://stackoverflow.com/questions/54429210/how-do-i-prevent-conda-from-activating-the-base-environment-by-default}},
}

@misc{dyke2020getting,
    author = "Jackson Van Dyke",
    title = "Getting Started with LaTeX and Vim",
    note = {\url{https://web.ma.utexas.edu/users/vandyke/notes/tex/getting_started/getting_started.pdf}},
}

@misc{esamattis2015slimux,
    author = "esamattis",
    title = "Slimux",
    note = {\url{https://github.com/esamattis/slimux/blob/master/README.md}},
}

@misc{gunther2014vimtex,
    author = "Matthias Gunther",
    title = "Vimtex Tool for Working VIm, Tex and Zathura",
    note = {\url{https://wikimatze.de/vimtex-the-perfect-tool-for-working-with-tex-and-vim/}},
}

@misc{hanschen2019ipython,
    author = "hanschen",
    title = "vim-ipython-cell",
    note = {\url{https://github.com/hanschen/vim-ipython-cell}},
}

@misc{hanschen2019reddit,
    author = "hanschen",
    title = "vim-ipython-cell: Run Python code and code cells in IPython",
    note = {\url{https://www.reddit.com/r/vim/comments/by6omc/vimipythoncell_run_python_code_and_code_cells_in/}},
}

@misc{hornung2019boosting,
    author = "Gregoire Hornung",
    title = "Boosing your data science workflow with vim+tmux",
    note = {\url{https://towardsdatascience.com/boosting-your-data-science-workflow-with-vim-tmux-14505c5e016e}},
}

@misc{glenn2016disable,
    author = "Walter Glenn",
    title = "How to Disable the Lock Workstation Functionality",
    note = {\url{https://www.howtogeek.com/howto/windows-vista/disableenable-lock-workstation-functionality-windows-l/}},
}

@misc{hornung2019pyShell,
    author = "Gregoire Hornung",
    title = "vim-pyShell",
    note = {\url{https://github.com/greghor/vim-pyShell}},
}

@misc{ioeric2019size,
    author = "Ioeric",
    title = "Is there a way fix the size of completion menu in vim?",
    note = {\url{https://github.com/ycm-core/YouCompleteMe/issues/3327}},
}

@misc{ivanov2011vim-ipython,
    author = "Paul Ivanov",
    title = "vim-ipython",
    note = {\url{https://github.com/ivanov/vim-ipython}},
}

@misc{jchamley2012how,
    author = "jchamley",
    title = "How do I Suspend, Lockscreen and Logout?",
    note = {\url{https://faq.i3wm.org/question/239/how-do-i-suspendlockscreen-and-logout.1.html}},
}

@misc{jdhao2019complete,
    author = "jdhao",
    title = "A Complete Guide on Writing LaTeX with Vimtex in Neovim",
    note = {\url{https://jdhao.github.io/2019/03/26/nvim_latex_write_preview/}},
}

@misc{jong2020blazing,
    author = "Siem de Jong",
    title = "Blazing fast create of notes in LaTeX using vimtex and UltiSnips on
    WSL2",
    note = {\url{https://medium.com/@dejongsiem/the-creation-of-latex-documents-using-vimtex-and-ultisnips-on-wsl-2-c4d768f48a4a}},
}

@misc{jpalardy2012slime,
    author = "jpalardy",
    title = "vim-slime",
    note = {\url{https://github.com/jpalardy/vim-slime}},
}

@misc{julienr2016vimcellmode,
    author = "julienr",
    title = "vim-cellmode",
    note = {\url{https://github.com/julienr/vim-cellmode}},
}

@misc{junegunn2014vimplug,
    author = "junegunn",
    title = "vim-plug",
    note = {\url{https://github.com/junegunn/vim-plug/wiki/tutorial}},
}

@misc{justrajdeep2018please,
    author = "justrajdeep",
    title = "Please help understand how to use <Plug> mapping",
    note = {\url{https://www.reddit.com/r/vim/comments/78izt4/please_help_understand_how_to_use_plug_mapping/}},
}

@misc{karadaharu2016add,
    author = "karadaharu",
    title = "Add an option to use cpaste for IPython \#68",
    note = {\url{https://github.com/esamattis/slimux/pull/68}},
}

@misc{kmARC2015indentationerror,
    author = "kmARC",
    title = "Python REPL IndentationError: unexpected indent \# 38",
    note = {\url{https://github.com/esamattis/slimux/issues/38}},
}

@misc{KKPMW2016send,
    author = "KKPMW",
    title = "vim-sendtowindow",
    note = {\url{https://github.com/KKPMW/vim-sendtowindow}},
}

@misc{KKPMW2019send,
    author = "KKPMW",
    title = "`sendtowindow' - a small plugin with operator for sending text to
    REPLs (or any other vim window)",
    note =
    {\url{https://www.reddit.com/r/vim/comments/au8eo5/sendtowindow_a_small_plugin_with_operator_for/}},
}

@misc{kshenoy2015signature,
    author = "kshenoy",
    title = "vim-signature",
    note = {\url{https://github.com/kshenoy/vim-signature}},
}

@misc{lafourcade2014how,
    author = "Romain Lafourcade",
    title = "How to use Tim Pope's Pathogen",
    note = {\url{https://gist.github.com/romainl/9970697}},
}

@misc{lerner2004enable,
    author = "Yakov Lerner",
    title = "Enable servername capability in vim/xterm",
    note = {\url{https://vim.fandom.com/wiki/Enable_servername_capability_in_vim/xterm}},
}

@misc{lervag2015vim,
    author = "Kerl Lervag",
    title = "What are the differences between LaTeX plugins?",
    note = {\url{https://vi.stackexchange.com/questions/2047/what-are-the-differences-between-latex-plugins}},
}

@misc{linuxcompendium2019ranger,
    author = "Linux Compendium",
    title = "How to Install Ranger Terminal File Manager on Linux",
    note = {\url{https://vitux.com/how-to-install-ranger-terminal-file-manager-on-linux/}},
}

@misc{lotabout2017remove,
    author = "lotabout",
    title = "remove indent for selected blocks \#74",
    note = {\url{https://github.com/esamattis/slimux/pull/74}},
}

@misc{manasthakur2020managing,
    author = "manasthakur",
    title = "Managing plugins in Vim: The basics",
    note = {\url{https://gist.github.com/manasthakur/ab4cf8d32a28ea38271ac0d07373bb53}},
}

@misc{microsoft2020wsl,
    author = "Microsoft",
    title = "Windows Subsystem Installation Guide for Windows 10",
    note = {\url{https://docs.microsoft.com/en-us/windows/wsl/install-win10}},
}

@misc{microsoft2021wsl,
    author = "Microsoft",
    title = "Install WSL",
    note = {\url{https://docs.microsoft.com/en-us/windows/wsl/install}},
}

@misc{moolenaar2000seven,
    author = "Bram Moolenaar",
    title = "Seven habits of effective text editing",
    note = {\url{https://www.moolenaar.net/habits.html}},
}

@misc{neil2010synchronizing,
    author = "Drew Neil",
    title = "Synchronizing plugins with git submodules and pathogen",
    note = {\url{http://vimcasts.org/episodes/synchronizing-plugins-with-git-submodules-and-pathogen/}},
}

@misc{neoclide2020conquer,
    author = "Neoclide",
    title = "Conquer of Completion",
    note = {\url{https://github.com/neoclide/coc.nvim}},
}

@misc{neoclide2020extensions,
    author = "Neoclide",
    title = "Conquer of Completion Extensions",
    note = {\url{https://github.com/neoclide/coc.nvim/wiki/Using-coc-extensions#use-vims-plugin-manager-for-coc-extension}},
}

@misc{paulrougieux2020vimtex,
    author = "paulrougieux",
    title = "Vimtex: Viewer cannot find Zathura window ID",
    note = {\url{https://github.com/lervag/vimtex/issues/1719}},
}

@misc{pmb6tz2020windows,
    author = "pmb6tz",
    title = "windows-desktop-switcher",
    note = {\url{https://github.com/pmb6tz/windows-desktop-switcher}},
}

@misc{pope2009pathogen,
    author = "Tim Pope",
    title = "pathogen.vim",
    note = {\url{https://github.com/tpope/vim-pathogen}},
}

@misc{primeagen2020cocvsycm,
    author = "The Primeagen",
    title = "Vim Life Ep1: CoC vs YCM",
    note = {\url{https://www.youtube.com/watch?v=ICU9OEsNiRA&list=PLm323Lc7iSW9CtibHhhQErDh167XfL4EU&index=16}},
}

@misc{princker2019buffer,
    author = "princker",
    title = "Is it possible to skip over :terminal buffers when using :bn and :bp in vim 8?",
    note = {\url{https://www.reddit.com/r/vim/comments/8njgul/is_it_possible_to_skip_over_terminal_buffers_when/}},
}

@misc{quidproquo2018volume,
    author = "quidproquo",
    title = "Volume and Brightness Controls Not Working",
    note = {\url{https://askubuntu.com/questions/823669/volume-sound-and-screen-brightness-controls-not-working}},
}

@misc{robkohr2011make,
    author = "RobKohr",
    title = "Make cd automatically ls",
    note = {\url{https://unix.stackexchange.com/questions/20396/make-cd-automatically-ls}},
}

@misc{ryder2018attack,
    author = "Tom Ryder",
    title = "Attack of the 5000-line vimrc",
    note = {\url{https://vimways.org/2018/from-vimrc-to-vim/}},
}

@misc{sampaioveiga2020i3status,
    author = "sampaioveiga",
    title = "i3status",
    note = {\url{https://github.com/sampaioveiga/i3status/blob/master/config}},
}

@misc{sampaioveiga2020i3medium,
    author = "Miguel Sampaio da Veiga",
    title = "My i3 Customization",
    note = {\url{https://medium.com/hacker-toolbelt/my-i3status-customization-3e8ad6f0153a}},
}


@misc{shapeshed2019vim,
    author = "shapeshed",
    title = "Vim: So long Pathogen, Hello Native Package Loading",
    note = {\url{https://shapeshed.com/vim-packages/}},
}

@misc{smith2016my,
    author = "Luke Smith",
    title = "My Dank vim \& LaTeX Setup (wordcucks BTFO once again)",
    note = {\url{https://www.youtube.com/watch?v=Mphdtdv2_xs}},
}

@misc{smith2017start,
    author = "Luke Smith",
    title = "Start Turning vim into a /comfy/ IDE!",
    note = {\url{https://www.youtube.com/watch?v=Q4I_Ft-VLAg&list=FLVuBBjy7NC7Q0xVUm8SEjrw&index=3&t=462s}},
}

@misc{stapelberg2015i3,
    author = "Michael Stapelberg",
    title = "i3 User's Guide",
    note = {\url{https://i3wm.org/docs/userguide.html}},
}

@misc{stapelberg2015i3status,
    author = "Michael Stapelberg",
    title = "i3wm Docs",
    note = {\url{https://i3wm.org/i3status/manpage.html}},
}

@misc{suuronen2012slimux,
    author = "Esa-Matti Suuronen",
    title = "Slimux - Tmux Plugin for Vim",
    note = {\url{http://esa-matti.suuronen.org/blog/2012/04/19/slimux-tmux-plugin-for-vim/}},
}

@misc{tompounceonGit2020vim,
    author = "Tompounce-onGit",
    title = "Vim output getting skewed and duplicated chaotically when
    increasing the font size or resizing the window \#7232",
    note = {\url{https://github.com/microsoft/terminal/issues/7232}},
}

@misc{toomey2015mastering,
    author = "Chris Toomey",
    title = "Mastering the Vim Language",
    note = {\url{https://www.youtube.com/watch?v=wlR5gYd6um0}},
}

@misc{toomey2013tmuxrunner,
    author = "christoomey",
    title = "vim-tmux-runner",
    note = {\url{https://github.com/christoomey/vim-tmux-runner.git}},
}

@misc{whme2020how,
    author = "whme",
    title = "How to set up working X11 forwarding on WSL2",
    note = {\url{https://stackoverflow.com/questions/61110603/how-to-set-up-working-x11-forwarding-on-wsl2}},
}

@misc{woodruff2019latex,
    author = "Jackson Woodruff",
    title = "Latex in Vim",
    note = {\url{https://vimways.org/2019/latex-in-vim/latex-in-vim/}},
}

@misc{ycmcore2017ycm,
    author = "ycm-core",
    title = "You Complete Me",
    note = {\url{https://github.com/ycm-core/YouCompleteMe#installation}},
}

@misc{yves2020why,
    author = "Yves",
    title = "Why can't YCM be loaded automatically",
    note = {\url{https://vi.stackexchange.com/questions/23290/why-cant-ycm-be-loaded-automatically}},
}

@misc{zcesur2018fix,
    author = "zcesur",
    title = "Fix Ipython issues when sending multiple lines \#80",
    note = {\url{https://github.com/esamattis/slimux/pull/80}},
}
