@misc{benmills2009vimux,
    author = "benmills",
    title = "vimux",
    note = {\url{https://github.com/benmills/vimux}},
}

@misc{cantor2016how,
    author = "Max Cantor",
    title = "How to Do 90\% of What Plugins Do (With Just Vim)",
    note = {\url{https://www.youtube.com/watch?v=E-ZbrtoSuzw}},
}

@misc{castel2019how,
    author = "Gilles Castel",
    title = "How I'm able to take notes in mathematics lectures using LaTeX and Vim",
    note = {\url{https://castel.dev/post/lecture-notes-1/#vim-and-latex}},
}

@misc{chang2018vim,
    author = "Leeren Chang",
    title = "Vim: Tutorial on Editing, Navigation, and File Management (2018)",
    note = {\url{https://www.youtube.com/watch?v=E-ZbrtoSuzw}},
}

@misc{chang2020vim,
    author = "Leeren Chang",
    title = "Vim: Tutorial on Customization and Configuration (2020)",
    note = {\url{https://www.youtube.com/watch?v=JFr28K65-5E&list=FLVuBBjy7NC7Q0xVUm8SEjrw&index=3&t=3083s}},
}

@misc{dyke2020getting,
    author = "Jackson Van Dyke",
    title = "Getting Started with LaTeX and Vim",
    note = {\url{https://web.ma.utexas.edu/users/vandyke/notes/tex/getting_started/getting_started.pdf}},
}

@misc{esamattis2015slimux,
    author = "esamattis",
    title = "Slimux",
    note = {\url{https://github.com/esamattis/slimux/blob/master/README.md}},
}

@misc{gunther2014vimtex,
    author = "Matthias Gunther",
    title = "Vimtex Tool for Working VIm, Tex and Zathura",
    note = {\url{https://wikimatze.de/vimtex-the-perfect-tool-for-working-with-tex-and-vim/}},
}

@misc{hornung2019boosting,
    author = "Gregoire Hornung",
    title = "Boosing your data science workflow with vim+tmux",
    note = {\url{https://towardsdatascience.com/boosting-your-data-science-workflow-with-vim-tmux-14505c5e016e}},
}

@misc{hornung2019pyShell,
    author = "Gregoire Hornung",
    title = "vim-pyShell",
    note = {\url{https://github.com/greghor/vim-pyShell}},
}

@misc{ivanov2011vim-ipython,
    author = "Paul Ivanov",
    title = "vim-ipython",
    note = {\url{https://github.com/ivanov/vim-ipython}},
}

@misc{jdhao2019complete,
    author = "jdhao",
    title = "A Complete Guide on Writing LaTeX with Vimtex in Neovim",
    note = {\url{https://jdhao.github.io/2019/03/26/nvim_latex_write_preview/}},
}

@misc{jpalardy2012slime,
    author = "jpalardy",
    title = "vim-slime",
    note = {\url{https://github.com/jpalardy/vim-slime}},
}

@misc{julienr2016vimcellmode,
    author = "julienr",
    title = "vim-cellmode",
    note = {\url{https://github.com/julienr/vim-cellmode}},
}

@misc{junegunn2014vimplug,
    author = "junegunn",
    title = "vim-plug",
    note = {\url{https://github.com/junegunn/vim-plug/wiki/tutorial}},
}

@misc{karadaharu2016add,
    author = "karadaharu",
    title = "Add an option to use cpaste for IPython \#68",
    note = {\url{https://github.com/esamattis/slimux/pull/68}},
}

@misc{kmARC2015indentationerror,
    author = "kmARC",
    title = "Python REPL IndentationError: unexpected indent \# 38",
    note = {\url{https://github.com/esamattis/slimux/issues/38}},
}

@misc{KKPMW2016send,
    author = "KKPMW",
    title = "vim-sendtowindow",
    note = {\url{https://github.com/KKPMW/vim-sendtowindow}},
}

@misc{KKPMW2019send,
    author = "KKPMW",
    title = "`sendtowindow' - a small plugin with operator for sending text to REPLs (or any other vim window)",
    note = {\url{https://www.reddit.com/r/vim/comments/au8eo5/sendtowindow_a_small_plugin_with_operator_for/}},
}

@misc{lafourcade2014how,
    author = "Romain Lafourcade",
    title = "How to use Tim Pope's Pathogen",
    note = {\url{https://gist.github.com/romainl/9970697}},
}

@misc{lerner2004enable,
    author = "Yakov Lerner",
    title = "Enable servername capability in vim/xterm",
    note = {\url{https://vim.fandom.com/wiki/Enable_servername_capability_in_vim/xterm}},
}

@misc{lervag2015vim,
    author = "Kerl Lervag",
    title = "What are the differences between LaTeX plugins?",
    note = {\url{https://vi.stackexchange.com/questions/2047/what-are-the-differences-between-latex-plugins}},
}

@misc{lotabout2017remove,
    author = "lotabout",
    title = "remove indent for selected blocks \#74",
    note = {\url{https://github.com/esamattis/slimux/pull/74}},
}

@misc{moolenaar2000seven,
    author = "Bram Moolenaar",
    title = "Seven habits of effective text editing",
    note = {\url{https://www.moolenaar.net/habits.html}},
}

@misc{neil2010synchronizing,
    author = "Drew Neil",
    title = "Synchronizing plugins with git submodules and pathogen",
    note = {\url{http://vimcasts.org/episodes/synchronizing-plugins-with-git-submodules-and-pathogen/}},
}

@misc{pope2009pathogen,
    author = "Tim Pope",
    title = "pathogen.vim",
    note = {\url{https://github.com/tpope/vim-pathogen}},
}

@misc{princker2019buffer,
    author = "princker",
    title = "Is it possible to skip over :terminal buffers when using :bn and :bp in vim 8?",
    note = {\url{https://www.reddit.com/r/vim/comments/8njgul/is_it_possible_to_skip_over_terminal_buffers_when/}},
}

@misc{ryder2018attack,
    author = "Tom Ryder",
    title = "Attack of the 5000-line vimrc",
    note = {\url{https://vimways.org/2018/from-vimrc-to-vim/}},
}

@misc{smith2016my,
    author = "Luke Smith",
    title = "My Dank vim \& LaTeX Setup (wordcucks BTFO once again)",
    note = {\url{https://www.youtube.com/watch?v=Mphdtdv2_xs}},
}

@misc{smith2017start,
    author = "Luke Smith",
    title = "Start Turning vim into a /comfy/ IDE!",
    note = {\url{https://www.youtube.com/watch?v=Q4I_Ft-VLAg&list=FLVuBBjy7NC7Q0xVUm8SEjrw&index=3&t=462s}},
}

@misc{suuronen2012slimux,
    author = "Esa-Matti Suuronen",
    title = "Slimux - Tmux Plugin for Vim",
    note = {\url{http://esa-matti.suuronen.org/blog/2012/04/19/slimux-tmux-plugin-for-vim/}},
}

@misc{toomey2015mastering,
    author = "Chris Toomey",
    title = "Mastering the Vim Language",
    note = {\url{https://www.youtube.com/watch?v=wlR5gYd6um0}},
}

@misc{zcesur2018fix,
    author = "zcesur",
    title = "Fix Ipython issues when sending multiple lines \#80",
    note = {\url{https://github.com/esamattis/slimux/pull/80}},
}
